@article{kydland1982time,
  title={Time to build and aggregate fluctuations},
  author={Kydland, Finn E and Prescott, Edward C},
  journal={Econometrica},
  pages={1345--1370},
  year={1982},
  publisher={JSTOR}
}

@incollection{gertler2010financial,
  title={Financial intermediation and credit policy in business cycle analysis},
  author={Gertler, Mark and Kiyotaki, Nobuhiro},
  booktitle={Handbook of monetary economics},
  volume={3},
  pages={547--599},
  year={2010},
  publisher={Elsevier}
}

@article{gertler2011model,
  title={A model of unconventional monetary policy},
  author={Gertler, Mark and Karadi, Peter},
  journal={Journal of monetary Economics},
  volume={58},
  number={1},
  pages={17--34},
  year={2011},
  publisher={Elsevier}
}

@article{long1983real,
  title={Real business cycles},
  author={Long Jr, John B and Plosser, Charles I},
  journal={Journal of Political Economy},
  volume={91},
  number={1},
  pages={39--69},
  year={1983},
  publisher={The University of Chicago Press}
}

@article{zhang2019household,
  title={Household debt, financial intermediation, and monetary policy},
  author={Zhang, Yahong},
  journal={Journal of Macroeconomics},
  volume={59},
  pages={230--257},
  year={2019},
  publisher={Elsevier}
}

@article{lozej2018countercyclical,
  title={Countercyclical capital regulation in a small open economy DSGE model},
  author={Lozej, Matija and Onorante, Luca and Rannenberg, Ansgar},
  year={2018},
  journal={ECB Working Paper}
}

@article{liu2021credit,
  title={Credit expansion, bank liberalization, and structural change in bank asset accounts},
  author={Liu, Keqing and Fan, Qingliang},
  journal={Journal of Economic Dynamics and Control},
  volume={124},
  pages={104066},
  year={2021},
  publisher={Elsevier}
}

@book{gali2015monetary,
  title={Monetary policy, inflation, and the business cycle: an introduction to the new Keynesian framework and its applications},
  author={Gali, Jordi},
  year={2015},
  publisher={Princeton University Press}
}

@book{woodford2011interest,
  title={Interest and prices: Foundations of a theory of monetary policy},
  author={Woodford, Michael},
  year={2011},
  publisher={Princeton University Press}
}

@book{miao2020economic,
  title={Economic dynamics in discrete time},
  author={Miao, Jianjun},
  year={2020},
  publisher={MIT press}
}

@article{smets2007shocks,
  title={Shocks and frictions in US business cycles: A Bayesian DSGE approach},
  author={Smets, Frank and Wouters, Rafael},
  journal={American economic review},
  volume={97},
  number={3},
  pages={586--606},
  year={2007}
}

